<?xml version="1.0" encoding="UTF-8"?><collection xmlns="http://www.loc.gov/MARC21/slim"><record><leader>00516nam--2200181-i-4500</leader><controlfield tag="001">000012192</controlfield><controlfield tag="002">20161230</controlfield><controlfield tag="005">20161230201029</controlfield><controlfield tag="008">060222s1000------------r-----000-0-fre-d</controlfield><datafield ind1=" " ind2=" " tag="040"><subfield code="a">IFIN-HH</subfield></datafield><datafield ind1=" " ind2=" " tag="041"><subfield code="a">fre</subfield></datafield><datafield ind1=" " ind2=" " tag="080"><subfield code="a">539.171.5</subfield></datafield><datafield ind1="1" ind2=" " tag="100"><subfield code="a">Ayed Rachid</subfield></datafield><datafield ind1="1" ind2="0" tag="245"><subfield code="a">Analyse en dephasages de la diffusion elastique pion-nucleon du seuil a l'energie de 2,5 gev115p</subfield><subfield code="b">These</subfield><subfield code="c">Rachid ayed</subfield></datafield><datafield ind1=" " ind2=" " tag="260"><subfield code="a">Paris</subfield><subfield code="b">Universite</subfield><subfield code="c">1975</subfield></datafield><datafield ind1=" " ind2=" " tag="300"><subfield code="a">54P.+PL.DIF</subfield></datafield><datafield ind1=" " ind2=" " tag="852"><subfield code="a">44918</subfield><subfield code="c">539.17</subfield></datafield><datafield ind1=" " ind2=" " tag="CAT"><subfield code="a">Sys</subfield><subfield code="c">20120618</subfield><subfield code="h">105929</subfield></datafield></record></collection>